@article{4538229,
  author  = {Aizawa, Kunio and Tanaka, Shojiro},
  journal = {IEEE Transactions on Pattern Analysis and Machine Intelligence},
  title   = {A Constant-Time Algorithm for Finding Neighbors in Quadtrees},
  year    = {2009},
  volume  = {31},
  number  = {7},
  pages   = {1178-1183},
  doi     = {10.1109/TPAMI.2008.145}
}

@misc{akita,
  author       = {Sun, Yifan},
  howpublished = {URL: https://github.com/sarchlab/akita},
  title        = {Akita},
  year         = {2018}
}

@misc{auc_roc,
  author       = {Google Machine Learning Education},
  howpublished = {Foundational Courses: Crash Course},
  note         = {URL: https://developers.google.com/machine-learning/crash-course/classification/roc-and-auc},
  title        = {Classification: ROC Curve and AUC},
  year         = {2022}
}

@misc{bugpython,
  author       = {Rodriguez, Derek},
  howpublished = {URL: https://derekrodriguez.dev/can-you-spot-the-bug-in-this-python-code},
  title        = {Can you spot the bug in this Python Code?},
  year         = {2023}
}


@misc{lqtld3,
  author       = {Rodriguez, Derek},
  howpublished = {https://github.com/dwrodri/LQTLD3},
  title        = {LQTLD3},
  year         = {2017}
}


@misc{oss_cheap,
  author       = {Chong, Anh-Tho},
  howpublished = {URL: https://github.com/getlago/lago/wiki/Open-Source-does-not-win-by-being-cheaper},
  title        = {Open Source does not win by being cheaper},
  year         = {2023}
}

@misc{flushreload,
  howpublished = {URL: https://github.com/dwrodri/flush-reload-aes},
  author       = {Rodriguez, Derek},
  title        = {Flush Reload Attacks on AES},
  year         = {2019}
}

@misc{streaming_blog,
  author       = {Olive, Alexandre},
  howpublished = {URL: https://techblog.skeepers.io/video-streaming-at-scale-with-kubernetes-and-rabbitmq-6e23fd0e75fb},
  title        = {Video Streaming at Scale with Kubernetes and RabbitMQ},
  year         = {2023}
}